@incollection{solomonik2011COLU,
  title={Communication-optimal parallel 2.5 D matrix multiplication and LU factorization algorithms},
  author={Solomonik, Edgar and Demmel, James},
  booktitle={Euro-Par 2011 Parallel Processing},
  pages={90--109},
  year={2011},
  publisher={Springer}
}


@inproceedings{xing-spmv-2013,
  title={Efficient sparse matrix-vector multiplication on x86-based many-core processors},
  author={Liu, Xing and Smelyanskiy, Mikhail and Chow, Edmond and Dubey, Pradeep},
  booktitle={Proceedings of the 27th international ACM conference on International conference on supercomputing},
  pages={273--282},
  year={2013},
  organization={ACM}
}


@misc{karypis-metis-95,
  author={ George Karypis and Vipin Kumar},
  title = {Family of Graph and Hypergraph Partitioning Software},
  howpublished = {\url{http://glaros.dtc.umn.edu/gkhome/views/metis}},
  note = {Accessed: 2014-01-26}
}

@misc{ipm-web,
  title = {IPM : Integrated performance monitoring},
  howpublished = {\url{http://ipm-hpc.sourceforge.net/}},
  note = {Accessed: 2014-01-26}
}



@article{davis2011ufspmc,
  title={The University of Florida sparse matrix collection},
  author={Davis, Timothy A and Hu, Yifan},
  journal={ACM Transactions on Mathematical Software (TOMS)},
  volume={38},
  number={1},
  pages={1},
  year={2011},
  publisher={ACM}
}


@inproceedings{heinecke-phi-linpack-2013,
  title={Design and Implementation of the Linpack Benchmark for Single and Multi-node Systems Based on Intel{\textregistered} Xeon Phi Coprocessor},
  author={Heinecke, Alexander and Vaidyanathan, Karthikeyan and Smelyanskiy, Mikhail and Kobotov, Alexander and Dubtsov, Roman and Henry, Greg and Shet, Aniruddha G and Chrysos, George and Dubey, Pradeep},
  booktitle={Parallel \& Distributed Processing (IPDPS), 2013 IEEE 27th International Symposium on},
  pages={126--137},
  year={2013},
  organization={IEEE}
}

@misc{green500-2013,
title = {Green500 list},
year = {2013},
howpublished =  {http://www.green500.org/}
}

@misc{Top500-2013,
title = {Top500 list},
year = {2013},
howpublished = {http://www.top500.org/}
}

@inproceedings{park2013tera,
  title={Tera-scale 1D FFT with low-communication algorithm and Intel{\textregistered} Xeon Phi? coprocessors},
  author={Park, Jongsoo and Bikshandi, Ganesh and Vaidyanathan, Karthikeyan and Tang, Ping Tak Peter and Dubey, Pradeep and Kim, Daehyun},
  booktitle={Proceedings of SC13: International Conference for High Performance Computing, Networking, Storage and Analysis},
  pages={34},
  year={2013},
  organization={ACM}
}

@article{parkefficient,
  title={Efficient Shared-Memory Implementation of High-Performance Conjugate Gradient Benchmark and Its Application to Unstructured Matrices},
  author={Park, Jongsoo and Smelyanskiy, Mikhail and Vaidyanathan, Karthikeyan and Heinecke, Alexander and Kalamkar, Dhiraj D and Liu, Xing and Patwary, Md Mosotofa Ali and Lu, Yutong and Dubey, Pradeep},
  booktitle={Proceedings of SC14: International Conference for High Performance Computing, Networking, Storage and Analysis},
  year={2014},
  }
  
 


@incollection{ltaief2011scalable,
  title={A scalable high performant Cholesky factorization for multicore with GPU accelerators},
  author={Ltaief, Hatem and Tomov, Stanimire and Nath, Rajib and Du, Peng and Dongarra, Jack},
  booktitle={High Performance Computing for Computational Science--VECPAR 2010},
  pages={93--101},
  year={2011},
  publisher={Springer}
}

@inproceedings{bolz2003sparse,
  title={Sparse matrix solvers on the GPU: conjugate gradients and multigrid},
  author={Bolz, Jeff and Farmer, Ian and Grinspun, Eitan and Schr{\"o}oder, Peter},
  booktitle={ACM Transactions on Graphics (TOG)},
  volume={22},
  number={3},
  pages={917--924},
  year={2003},
  organization={ACM}
}




% Sparse LU method
@book{duff1986direct,
  title={Direct methods for sparse matrices},
  author={Duff, Iain S and Erisman, Albert Maurice and Reid, John Ker},
  year={1986},
  publisher={Clarendon press Oxford}
}


@inproceedings{lacoste2014sdstask,
  title={Taking advantage of hybrid systems for sparse direct solvers via task-based runtimes},
  author={Lacoste, Xavier and Faverge, Mathieu and Bosilca, George and Ramet, Pierre and Thibault, Samuel},
  booktitle={Parallel \& Distributed Processing Symposium Workshops (IPDPSW), 2014 IEEE International},
  pages={29--38},
  year={2014},
  organization={IEEE}
}

@inproceedings{sao2014europar,
  title={A distributed CPU-GPU sparse direct solver},
  author={Sao, Piyush and Vuduc, Richard and Li, Xiaoye Sherry},
  booktitle={European Conference on Parallel Processing},
  pages={487--498},
  year={2014},
  organization={Springer}
}


@inproceedings{kim2013sdgpuschd,
  title={Scheduling a Parallel Sparse Direct Solver to Multiple GPUs},
  author={Kim, Kyungjoo and Eijkhout, Victor},
  booktitle={Parallel and Distributed Processing Symposium Workshops \& PhD Forum (IPDPSW), 2013 IEEE 27th International},
  pages={1401--1408},
  year={2013},
  organization={IEEE}
}

@article{duff1983multifrontal,
  title={The multifrontal solution of indefinite sparse symmetric linear},
  author={Duff, Iain S and Reid, John K},
  journal={ACM Transactions on Mathematical Software (TOMS)},
  volume={9},
  number={3},
  pages={302--325},
  year={1983},
  publisher={ACM}
}

@inproceedings{galoppo2005lu,
  title={LU-GPU: Efficient algorithms for solving dense linear systems on graphics hardware},
  author={Galoppo, Nico and Govindaraju, Naga K and Henson, Michael and Manocha, Dinesh},
  booktitle={Proceedings of the 2005 ACM/IEEE conference on Supercomputing},
  pages={3},
  year={2005},
  organization={IEEE Computer Society}
}

@article{grigori2007symbfact,
  title={Parallel symbolic factorization for sparse LU with static pivoting},
  author={Grigori, Laura and Demmel, James W and Li, Xiaoye S},
  journal={SIAM Journal on Scientific Computing},
  volume={29},
  number={3},
  pages={1289--1314},
  year={2007},
  publisher={SIAM}
}

@incollection{sao2014distributed,
  title={A distributed CPU-GPU sparse direct solver},
  author={Sao, Piyush and Vuduc, Richard and Li, Xiaoye Sherry},
  booktitle={Euro-Par 2014 Parallel Processing},
  pages={487--498},
  year={2014},
  publisher={Springer International Publishing}
}


@inproceedings{yamazaki-superlu-ipdps-2012,
  title={New Scheduling Strategies and Hybrid Programming for a Parallel Right-looking Sparse LU Factorization Algorithm on Multicore Cluster Systems},
  author={Yamazaki, Ichitaro and Li, Xiaoye S},
  booktitle={Parallel \& Distributed Processing Symposium (IPDPS), 2012 IEEE 26th International},
  pages={619--630},
  year={2012},
  organization={IEEE}
}

@inproceedings{sao2015ipdps,
  title={A Sparse Direct Solver for Distributed Memory Xeon Phi-accelerated Systems},
  author={Sao, Piyush and Liu, Xing and Vuduc, Richard and Li, Xiaoye},
  booktitle={Parallel and Distributed Processing Symposium (IPDPS), 2015 IEEE International},
  pages={71--81},
  year={2015},
  organization={IEEE}
}


@article{duff-mc64-1999,
  title={The design and use of algorithms for permuting large entries to the diagonal of sparse matrices},
  author={Duff, Iain S and Koster, Jacko},
  journal={SIAM Journal on Matrix Analysis and Applications},
  volume={20},
  number={4},
  pages={889--901},
  year={1999},
  publisher={SIAM}
}

@inproceedings{Li-GESP-Sc98,
  title={Making sparse Gaussian elimination scalable by static pivoting},
  author={Li, Xiaoye S and Demmel, James W},
  booktitle={Proceedings of the 1998 ACM/IEEE conference on Supercomputing (CDROM)},
  pages={1--17},
  year={1998},
  organization={IEEE Computer Society}
}

@article{amestoy2001load,
  title={Analysis and comparison of two general sparse solvers for distributed memory computers},
  author={Amestoy, Patrick R and Duff, Iain S and L'excellent, Jean-Yves and Li, Xiaoye S},
  journal={ACM Transactions on Mathematical Software (TOMS)},
  volume={27},
  number={4},
  pages={388--421},
  year={2001},
  publisher={ACM}
}



% Sparse multifrontal QR method 



%===== CItation for Multigrid Method

@book{trottenberg2000mgBook,
  title={Multigrid},
  author={Trottenberg, Ulrich and Oosterlee, Cornelius W and Schuller, Anton},
  year={2000},
  publisher={Academic press}
}

@article{chow2006mgsurvey,
  title={A survey of parallelization techniques for multigrid solvers},
  author={Chow, Edmond and Falgout, Robert D and Hu, Jonathan J and Tuminaro, Raymond S and Yang, Ulrike Meier},
  journal={Parallel processing for scientific computing},
  volume={20},
  pages={179--201},
  year={2006},
  publisher={Philadephia, PA: Society for Industrial and Applied Mathematics}
}


% iterative method 
@book{barrett1994templates,
  title={Templates for the solution of linear systems: building blocks for iterative methods},
  author={Barrett, Richard and Berry, Michael W and Chan, Tony F and Demmel, James and Donato, June and Dongarra, Jack and Eijkhout, Victor and Pozo, Roldan and Romine, Charles and Van der Vorst, Henk},
  volume={43},
  year={1994},
  publisher={Siam}
}

@book{saad2003iterative,
  title={Iterative methods for sparse linear systems},
  author={Saad, Yousef},
  year={2003},
  publisher={Siam}
}


%% fast solvers

@article{chandrasekaran2006fast,
  title={A fast solver for HSS representations via sparse matrices},
  author={Chandrasekaran, Shiv and Dewilde, Patrick and Gu, Ming and Lyons, William and Pals, Timothy},
  journal={SIAM Journal on Matrix Analysis and Applications},
  volume={29},
  number={1},
  pages={67--81},
  year={2006},
  publisher={SIAM}
}

@inproceedings{wang2011efficient,
  title={Efficient parallel algorithms for hierarchically semiseparable (HSS) matrices: Kernel of a massively parallel structured direct helmholtz solver},
  author={Wang, Shen and Xia, Jianlin and Situ, Yingchong and de Hoop, Maarten V and Li, Xiaoye and others},
  booktitle={2011 SEG Annual Meeting},
  year={2011},
  organization={Society of Exploration Geophysicists}
}

@article{ghysels2015efficient,
  title={An efficient multi-core implementation of a novel HSS-structured multifrontal solver using randomized sampling},
  author={Ghysels, Pieter and Li, Xiaoye S and Rouet, Fran{\c{c}}ois-Henry and Williams, Samuel and Napov, Artem},
  journal={arXiv preprint arXiv:1502.07405},
  year={2015}
}



@article{martinsson2009fast,
  title={A fast direct solver for a class of elliptic partial differential equations},
  author={Martinsson, Per-Gunnar},
  journal={Journal of Scientific Computing},
  volume={38},
  number={3},
  pages={316--330},
  year={2009},
  publisher={Springer}
}

@article{ho2012fast,
  title={A fast direct solver for structured linear systems by recursive skeletonization},
  author={Ho, Kenneth L and Greengard, Leslie},
  journal={SIAM Journal on Scientific Computing},
  volume={34},
  number={5},
  pages={A2507--A2532},
  year={2012},
  publisher={SIAM}
}


@article{ricker2008direct,
  title={A direct multigrid poisson solver for oct-tree adaptive meshes},
  author={Ricker, PM},
  journal={The Astrophysical Journal Supplement Series},
  volume={176},
  number={1},
  pages={293},
  year={2008},
  publisher={IOP Publishing}
}

@article{rossi1999parallel,
  title={A parallel fast direct solver for block tridiagonal systems with separable matrices of arbitrary dimension},
  author={Rossi, Tuomo and Toivanen, Jari},
  journal={SIAM Journal on Scientific Computing},
  volume={20},
  number={5},
  pages={1778--1793},
  year={1999},
  publisher={SIAM}
}

@article{martinsson2005fast,
  title={A fast direct solver for boundary integral equations in two dimensions},
  author={Martinsson, Per-Gunnar and Rokhlin, Vladimir},
  journal={Journal of Computational Physics},
  volume={205},
  number={1},
  pages={1--23},
  year={2005},
  publisher={Elsevier}
}





%% preconditioners

@article{chow1998approximate,
  title={Approximate inverse preconditioners via sparse-sparse iterations},
  author={Chow, Edmond and Saad, Yousef},
  journal={SIAM Journal on Scientific Computing},
  volume={19},
  number={3},
  pages={995--1023},
  year={1998},
  publisher={SIAM}
}

@article{chow1997experimental,
  title={Experimental study of ILU preconditioners for indefinite matrices},
  author={Chow, Edmond and Saad, Yousef},
  journal={Journal of Computational and Applied Mathematics},
  volume={86},
  number={2},
  pages={387--414},
  year={1997},
  publisher={Elsevier}
}


%% Fast poisson solvers
%mckenney1995fast,buzbee1973fast, abdullah1991four 

@article{mckenney1995fast,
  title={A fast Poisson solver for complex geometries},
  author={McKenney, Alan and Greengard, Leslie and Mayo, Anita},
  journal={Journal of Computational Physics},
  volume={118},
  number={2},
  pages={348--355},
  year={1995},
  publisher={Elsevier}
}

@article{buzbee1973fast,
  title={A fast Poisson solver amenable to parallel computation},
  author={Buzbee, Billy L},
  journal={IEEE Transactions on Computers},
  volume={22},
  number={8},
  pages={793--796},
  year={1973},
  publisher={IEEE Computer Society}
}

@article{abdullah1991four,
  title={The four point Explicit Decoupled Group (EDG) method: A fast Poisson solver},
  author={Abdullah, Abdul Rahman},
  journal={International Journal of Computer Mathematics},
  volume={38},
  number={1-2},
  pages={61--70},
  year={1991},
  publisher={Taylor \& Francis}
}


%% Row projection method 

@book{benzi1993direct,
  title={A direct row-projection method for sparse linear systems},
  author={Benzi, Michele},
  year={1993}
}

@article{bramley1992row,
  title={Row projection methods for large nonsymmetric linear systems},
  author={Bramley, Randall and Sameh, Ahmed},
  journal={SIAM Journal on Scientific and Statistical Computing},
  volume={13},
  number={1},
  pages={168--193},
  year={1992},
  publisher={SIAM}
}

@article{tanabe1971projection,
  title={Projection method for solving a singular system of linear equations and its applications},
  author={Tanabe, Kunio},
  journal={Numerische Mathematik},
  volume={17},
  number={3},
  pages={203--214},
  year={1971},
  publisher={Springer}
}

%% Algebraic Multigrid 


@article{brandt1986algebraic,
  title={Algebraic multigrid theory: The symmetric case},
  author={Brandt, Achi},
  journal={Applied mathematics and computation},
  volume={19},
  number={1},
  pages={23--56},
  year={1986},
  publisher={Elsevier}
}

@article{stuben2001review,
  title={A review of algebraic multigrid},
  author={St{\"u}ben, Klaus},
  journal={Journal of Computational and Applied Mathematics},
  volume={128},
  number={1},
  pages={281--309},
  year={2001},
  publisher={Elsevier}
}


@article{ruge1987algebraic,
  title={Algebraic multigrid},
  author={Ruge, JW and St{\"u}ben, Klaus},
  journal={Multigrid methods},
  volume={3},
  number={13},
  pages={73--130},
  year={1987},
  publisher={SIAM, Philadelphia}
}

%% domain decomposition method 

@book{quarteroni1999domain,
  title={Domain decomposition methods for partial differential equations},
  author={Quarteroni, Alfio and Valli, Alberto},
  number={CMCS-BOOK-2009-019},
  year={1999},
  publisher={Oxford University Press}
}



%% Fault toelrant work

@inproceedings{hoemmen2011ftgmres,
  title={Fault-tolerant iterative methods via selective reliability},
  author={Hoemmen, Mark and Heroux, Michael A},
  booktitle={Proceedings of the 2011 International Conference for High Performance Computing, Networking, Storage and Analysis (SC). IEEE Computer Society},
  volume={3},
  pages={9},
  year={2011}
}


@inproceedings{sao2013sscg,
  title={Self-stabilizing iterative solvers},
  author={Sao, Piyush and Vuduc, Richard},
  booktitle={Proceedings of the Workshop on Latest Advances in Scalable Algorithms for Large-Scale Systems},
  pages={4},
  year={2013},
  organization={ACM}
}

%% van2004inexact, simoncini2003theory
@article{van2004inexact,
  title={Inexact Krylov subspace methods for linear systems},
  author={van den Eshof, Jasper and Sleijpen, Gerard LG},
  journal={SIAM Journal on Matrix Analysis and Applications},
  volume={26},
  number={1},
  pages={125--153},
  year={2004},
  publisher={SIAM}
}


@article{simoncini2003theory,
  title={Theory of inexact Krylov subspace methods and applications to scientific computing},
  author={Simoncini, Valeria and Szyld, Daniel B},
  journal={SIAM Journal on Scientific Computing},
  volume={25},
  number={2},
  pages={454--477},
  year={2003},
  publisher={SIAM}
}


@article{zoutendijk1970nonlinear,
  title={Nonlinear programming, computational methods},
  author={Zoutendijk, G},
  journal={Integer and nonlinear programming},
  volume={143},
  number={1},
  pages={37--86},
  year={1970},
  publisher={North-Holland}
}


@article{zoutendijk1960methods,
  title={Methods of feasible directions: a study in linear and non-linear programming},
  author={Zoutendijk, Guus},
  year={1960},
  publisher={Elsevier}
}


%%% super LU 
@article{li2005overview,
  title={An overview of SuperLU: Algorithms, implementation, and user interface},
  author={Li, Xiaoye S},
  journal={ACM Transactions on Mathematical Software (TOMS)},
  volume={31},
  number={3},
  pages={302--325},
  year={2005},
  publisher={ACM}
}


%%%%%%%%%%%%%%%%%%%%%%%%%%% Fault tolerant CG

@inproceedings{shantharam2012fault,
  title={Fault tolerant preconditioned conjugate gradient for sparse linear system solution},
  author={Shantharam, Manu and Srinivasmurthy, Sowmyalatha and Raghavan, Padma},
  booktitle={Proceedings of the 26th ACM international conference on Supercomputing},
  pages={69--78},
  year={2012},
  organization={ACM}
}


@inproceedings{chen2013online,
  title={Online-ABFT: An online algorithm based fault tolerance scheme for soft error detection in iterative methods},
  author={Chen, Zizhong},
  booktitle={ACM SIGPLAN Notices},
  volume={48},
  number={8},
  pages={167--176},
  year={2013},
  organization={ACM}
}

@inproceedings{oboril2011numerical,
  title={Numerical defect correction as an algorithm-based fault tolerance technique for iterative solvers},
  author={Oboril, Fabian and Tahoori, Mehdi B and Heuveline, Vincent and Lukarski, Dimitar and Weiss, Jan-Philipp},
  booktitle={Dependable Computing (PRDC), 2011 IEEE 17th Pacific Rim International Symposium on},
  pages={144--153},
  year={2011},
  organization={IEEE}
}


%%%%% Fault tolerant multigrid
@inproceedings{casas2012fault,
  title={Fault resilience of the algebraic multi-grid solver},
  author={Casas, Marc and de Supinski, Bronis R and Bronevetsky, Greg and Schulz, Martin},
  booktitle={Proceedings of the 26th ACM international conference on Supercomputing},
  pages={91--100},
  year={2012},
  organization={ACM}
}


@article{huber2015resilience,
  title={Resilience for multigrid software at the extreme scale},
  author={Huber, Markus and Gmeiner, Bj{\"o}rn and R{\"u}de, Ulrich and Wohlmuth, Barbara},
  journal={arXiv preprint arXiv:1506.06185},
  year={2015}
}


@article{goddeke2015ftmg,
  title={Fault-tolerant finite-element multigrid algorithms with hierarchically compressed asynchronous checkpointing},
  author={G{\"o}ddeke, Dominik and Altenbernd, Mirco and Ribbrock, Dirk},
  journal={Parallel Computing},
  volume={49},
  pages={117--135},
  year={2015},
  publisher={Elsevier}
}



%%%%%%%%% fixed point iteration
@article{stoyanov2015numerical,
  title={Numerical analysis of fixed point algorithms in the presence of hardware faults},
  author={Stoyanov, Miroslav and Webster, Clayton},
  journal={SIAM Journal on Scientific Computing},
  volume={37},
  number={5},
  pages={C532--C553},
  year={2015},
  publisher={SIAM}
}


%%%%%%%% fault tolerant LU decomposition, ABFT
@article{yao2015detection,
  title={Detection of soft errors in LU decomposition with partial pivoting using algorithm-based fault tolerance},
  author={Yao, Erlin and Zhang, Jiutian and Chen, Mingyu and Tan, Guangming and Sun, Ninghui},
  journal={International Journal of High Performance Computing Applications},
  volume={29},
  number={4},
  pages={422--436},
  year={2015},
  publisher={SAGE Publications}
}


@inproceedings{chen1986fault,
  title={Fault-tolerant systems for the computation of eigenvalues and singular values},
  author={Chen, Chien-Yi and Abraham, Jacob A},
  booktitle={30th Annual Technical Symposium},
  pages={228--237},
  year={1986},
  organization={International Society for Optics and Photonics}
}

@article{jou1986fault,
  title={Fault-tolerant matrix arithmetic and signal processing on highly concurrent computing structures},
  author={Jou, Jing-Yang and Abraham, Jacob A},
  journal={Proceedings of the IEEE},
  volume={74},
  number={5},
  pages={732--741},
  year={1986},
  publisher={IEEE}
}

@article{luk1988fault,
  title={Fault-tolerant matrix triangularizations on systolic arrays},
  author={Luk, Franklin T. and Park, Haesun},
  journal={IEEE Transactions on Computers},
  volume={37},
  number={11},
  pages={1434--1438},
  year={1988},
  publisher={IEEE Computer Society}
}

@article{luk1988analysis,
  title={An analysis of algorithm-based fault tolerance techniques},
  author={Luk, Franklin T and Park, Haesun},
  journal={Journal of Parallel and Distributed Computing},
  volume={5},
  number={2},
  pages={172--184},
  year={1988},
  publisher={Elsevier}
}

@article{huang1984algorithm,
  title={Algorithm-based fault tolerance for matrix operations},
  author={Huang, Kuang-Hua and Abraham, Jacob A.},
  journal={IEEE transactions on computers},
  volume={100},
  number={6},
  pages={518--528},
  year={1984},
  publisher={IEEE}
}

@article{du2012algorithm,
  title={Algorithm-based fault tolerance for dense matrix factorizations},
  author={Du, Peng and Bouteiller, Aurelien and Bosilca, George and Herault, Thomas and Dongarra, Jack},
  journal={ACM SIGPLAN Notices},
  volume={47},
  number={8},
  pages={225--234},
  year={2012},
  publisher={ACM}
}



%%%%%%%%%%% system level fault tolerance:

%programming model

%% redundant multithreading

@inproceedings{hukerikar2014redundMt,
  title={An evaluation of lazy fault detection based on Adaptive Redundant Multithreading},
  author={Hukerikar, Saurabh and Teranishi, Keita and Diniz, Pedro C and Lucas, Robert F},
  booktitle={High Performance Extreme Computing Conference (HPEC), 2014 IEEE},
  pages={1--6},
  year={2014},
  organization={IEEE}
}

@inproceedings{hukerikar2014opportunistic,
  title={Opportunistic application-level fault detection through adaptive redundant multithreading},
  author={Hukerikar, Saurabh and Diniz, Pedro C and Lucas, Robert F and Teranishi, Keita},
  booktitle={High Performance Computing \& Simulation (HPCS), 2014 International Conference on},
  pages={243--250},
  year={2014},
  organization={IEEE}
}

% GPU redundant multithreading
@inproceedings{wadden2014real,
  title={Real-world design and evaluation of compiler-managed GPU redundant multithreading},
  author={Wadden, Jack and Lyashevsky, Alexander and Gurumurthi, Sudhanva and Sridharan, Vilas and Skadron, Kevin},
  booktitle={ACM SIGARCH Computer Architecture News},
  volume={42},
  number={3},
  pages={73--84},
  year={2014},
  organization={IEEE Press}
}

@inproceedings{hukerikar2012programming,
  title={Programming model extensions for resilience in extreme scale computing},
  author={Hukerikar, Saurabh and Diniz, Pedro C and Lucas, Robert F},
  booktitle={European Conference on Parallel Processing},
  pages={496--498},
  year={2012},
  organization={Springer Berlin Heidelberg}
}

@inproceedings{cunningham2014resilient,
  title={Resilient X10: Efficient failure-aware programming},
  author={Cunningham, David and Grove, David and Herta, Benjamin and Iyengar, Arun and Kawachiya, Kiyokuni and Murata, Hiroki and Saraswat, Vijay and Takeuchi, Mikio and Tardieu, Olivier},
  booktitle={ACM SIGPLAN Notices},
  volume={49},
  number={8},
  pages={67--80},
  year={2014},
  organization={ACM}
}

% ft MPI
@inproceedings{fagg2000ft,
  title={FT-MPI: Fault tolerant MPI, supporting dynamic applications in a dynamic world},
  author={Fagg, Graham E and Dongarra, Jack J},
  booktitle={European Parallel Virtual Machine/Message Passing Interface Users Group Meeting},
  pages={346--353},
  year={2000},
  organization={Springer}
}

% containment domain
@article{chung2013containment,
  title={Containment domains: A scalable, efficient and flexible resilience scheme for exascale systems},
  author={Chung, Jinsuk and Lee, Ikhwan and Sullivan, Michael and Ryoo, Jee Ho and Kim, Dong Wan and Yoon, Doe Hyun and Kaplan, Larry and Erez, Mattan},
  journal={Scientific Programming},
  volume={21},
  number={3-4},
  pages={197--212},
  year={2013},
  publisher={Hindawi Publishing Corporation}
}


% DRAM

@inproceedings{wadden2014real,
  title={Real-world design and evaluation of compiler-managed GPU redundant multithreading},
  author={Wadden, Jack and Lyashevsky, Alexander and Gurumurthi, Sudhanva and Sridharan, Vilas and Skadron, Kevin},
  booktitle={ACM SIGARCH Computer Architecture News},
  volume={42},
  number={3},
  pages={73--84},
  year={2014},
  organization={IEEE Press}
}


@article{anzt2013block,
  title={A block-asynchronous relaxation method for graphics processing units},
  author={Anzt, Hartwig and Tomov, Stanimire and Dongarra, Jack and Heuveline, Vincent},
  journal={Journal of Parallel and Distributed Computing},
  volume={73},
  number={12},
  pages={1613--1626},
  year={2013},
  publisher={Elsevier}
}


@inproceedings{han2013approximate,
  title={Approximate computing: An emerging paradigm for energy-efficient design},
  author={Han, Jie and Orshansky, Michael},
  booktitle={2013 18th IEEE European Test Symposium (ETS)},
  pages={1--6},
  year={2013},
  organization={IEEE}
}



%%% sparse LU on GPU
@inproceedings{ren2012sparse,
  title={Sparse LU factorization for parallel circuit simulation on GPU},
  author={Ren, Ling and Chen, Xiaoming and Wang, Yu and Zhang, Chenxi and Yang, Huazhong},
  booktitle={Proceedings of the 49th Annual Design Automation Conference},
  pages={1125--1130},
  year={2012},
  organization={ACM}
}



%% power
@inproceedings{choi2013roofline,
  title={A roofline model of energy},
  author={Choi, Jee Whan and Bedard, Daniel and Fowler, Robert and Vuduc, Richard},
  booktitle={Parallel \& Distributed Processing (IPDPS), 2013 IEEE 27th International Symposium on},
  pages={661--672},
  year={2013},
  organization={IEEE}
}


@inproceedings{park2014sparsifying,
  title={Sparsifying synchronization for high-performance shared-memory sparse triangular solver},
  author={Park, Jongsoo and Smelyanskiy, Mikhail and Sundaram, Narayanan and Dubey, Pradeep},
  booktitle={International Supercomputing Conference},
  pages={124--140},
  year={2014},
  organization={Springer}
}


@inproceedings{choi2010model,
  title={Model-driven autotuning of sparse matrix-vector multiply on GPUs},
  author={Choi, Jee W and Singh, Amik and Vuduc, Richard W},
  booktitle={ACM Sigplan Notices},
  volume={45},
  number={5},
  pages={115--126},
  year={2010},
  organization={ACM}
}


@inproceedings{liu2013efficient,
  title={Efficient sparse matrix-vector multiplication on x86-based many-core processors},
  author={Liu, Xing and Smelyanskiy, Mikhail and Chow, Edmond and Dubey, Pradeep},
  booktitle={Proceedings of the 27th international ACM conference on International conference on supercomputing},
  pages={273--282},
  year={2013},
  organization={ACM}
}

@inproceedings{park2014efficient,
  title={Efficient shared-memory implementation of high-performance conjugate gradient benchmark and its application to unstructured matrices},
  author={Park, Jongsoo and Smelyanskiy, Mikhail and Vaidyanathan, Karthikeyan and Heinecke, Alexander and Kalamkar, Dhiraj D and Liu, Xing and Patwary, Md Mosotofa Ali and Lu, Yutong and Dubey, Pradeep},
  booktitle={Proceedings of the International Conference for High Performance Computing, Networking, Storage and Analysis},
  pages={945--955},
  year={2014},
  organization={IEEE Press}
}


@article{saad1986gmres,
  title={GMRES: A generalized minimal residual algorithm for solving nonsymmetric linear systems},
  author={Saad, Youcef and Schultz, Martin H},
  journal={SIAM Journal on scientific and statistical computing},
  volume={7},
  number={3},
  pages={856--869},
  year={1986},
  publisher={SIAM}
}

@book{hestenes1952cg,
  title={Methods of conjugate gradients for solving linear systems},
  author={Hestenes, Magnus Rudolph and Stiefel, Eduard},
  volume={49},
  year={1952},
  publisher={NBS}
}


@incollection{fletcher1976conjugate,
  title={Conjugate gradient methods for indefinite systems},
  author={Fletcher, Roger},
  booktitle={Numerical analysis},
  pages={73--89},
  year={1976},
  publisher={Springer}
}

@article{van1992bicgstab,
  title={Bi-CGSTAB: A fast and smoothly converging variant of Bi-CG for the solution of nonsymmetric linear systems},
  author={Van der Vorst, Henk A},
  journal={SIAM Journal on scientific and Statistical Computing},
  volume={13},
  number={2},
  pages={631--644},
  year={1992},
  publisher={SIAM}
}

@article{paige1975solution,
  title={Solution of sparse indefinite systems of linear equations},
  author={Paige, Christopher C and Saunders, Michael A},
  journal={SIAM journal on numerical analysis},
  volume={12},
  number={4},
  pages={617--629},
  year={1975},
  publisher={SIAM}
}



@article{freund1991qmr,
  title={QMR: a quasi-minimal residual method for non-Hermitian linear systems},
  author={Freund, Roland W and Nachtigal, No{\"e}l M},
  journal={Numerische mathematik},
  volume={60},
  number={1},
  pages={315--339},
  year={1991},
  publisher={Springer}
}


%%% di
@incollection{dijkstra1982self,
  title={Self-stabilization in spite of distributed control},
  author={Dijkstra, Edsger W},
  booktitle={Selected writings on computing: a personal perspective},
  pages={41--46},
  year={1982},
  publisher={Springer}
}


@inproceedings{sao2016sccc,
  title={A Self-Correcting Connected Components Algorithm},
  author={Sao, Piyush and Green, Oded and Jain, Chirag and Vuduc, Richard},
  booktitle={Proceedings of the ACM Workshop on Fault-Tolerance for HPC at Extreme Scale},
  pages={9--16},
  year={2016},
  organization={ACM}
}


%% James elliots ke papers

@inproceedings{elliott2015numerical,
  title={A numerical soft fault model for iterative linear solvers},
  author={Elliott, James and Hoemmen, Mark and Mueller, Frank},
  booktitle={Proceedings of the 24th International Symposium on High-Performance Parallel and Distributed Computing},
  pages={271--274},
  year={2015},
  organization={ACM}
}

@article{elliott2016exploiting,
  title={Exploiting data representation for fault tolerance},
  author={Elliott, James and Hoemmen, Mark and Mueller, Frank},
  journal={Journal of Computational Science},
  year={2016},
  publisher={Elsevier}
}


@inproceedings{elliott2014evaluating,
  title={Evaluating the impact of SDC on the GMRES iterative solver},
  author={Elliott, James and Hoemmen, Mark and Mueller, Frank},
  booktitle={Parallel and Distributed Processing Symposium, 2014 IEEE 28th International},
  pages={1193--1202},
  year={2014},
  organization={IEEE}
}


@article{elliott2014tolerating,
  title={Tolerating Silent Data Corruption in Opaque Preconditioners},
  author={Elliott, James and Hoemmen, Mark and Mueller, Frank},
  journal={arXiv preprint arXiv:1404.5552},
  year={2014}
}



%% GPU accelrated LINPACK
@article{tomov2010towards,
  title={Towards dense linear algebra for hybrid GPU accelerated manycore systems},
  author={Tomov, Stanimire and Dongarra, Jack and Baboulin, Marc},
  journal={Parallel Computing},
  volume={36},
  number={5},
  pages={232--240},
  year={2010},
  publisher={Elsevier}
}


@article{volkov2008lu,
  title={LU, QR and Cholesky factorizations using vector capabilities of GPUs},
  author={Volkov, Vasily and Demmel, James},
  journal={EECS Department, University of California, Berkeley, Tech. Rep. UCB/EECS-2008-49, May},
  pages={2008--49},
  year={2008},
  publisher={Citeseer}
}

@inproceedings{fatica2009accelerating,
  title={Accelerating linpack with CUDA on heterogenous clusters},
  author={Fatica, Massimiliano},
  booktitle={Proceedings of 2nd Workshop on General Purpose Processing on Graphics Processing Units},
  pages={46--51},
  year={2009},
  organization={ACM}
}


@inproceedings{galoppo2005lu,
  title={LU-GPU: Efficient algorithms for solving dense linear systems on graphics hardware},
  author={Galoppo, Nico and Govindaraju, Naga K and Henson, Michael and Manocha, Dinesh},
  booktitle={Proceedings of the 2005 ACM/IEEE conference on Supercomputing},
  pages={3},
  year={2005},
  organization={IEEE Computer Society}
}


@techreport{bell2008efficient,
  title={Efficient sparse matrix-vector multiplication on CUDA},
  author={Bell, Nathan and Garland, Michael},
  year={2008},
  institution={Nvidia Technical Report NVR-2008-004, Nvidia Corporation}
}


@inproceedings{choi2010model,
  title={Model-driven autotuning of sparse matrix-vector multiply on GPUs},
  author={Choi, Jee W and Singh, Amik and Vuduc, Richard W},
  booktitle={ACM Sigplan Notices},
  volume={45},
  number={5},
  pages={115--126},
  year={2010},
  organization={ACM}
}



@inproceedings{bolz2003sparse,
  title={Sparse matrix solvers on the GPU: conjugate gradients and multigrid},
  author={Bolz, Jeff and Farmer, Ian and Grinspun, Eitan and Schr{\"o}oder, Peter},
  booktitle={ACM Transactions on Graphics (TOG)},
  volume={22},
  number={3},
  pages={917--924},
  year={2003},
  organization={ACM}
}


@inproceedings{cevahir2009fast,
  title={Fast conjugate gradients with multiple GPUs},
  author={Cevahir, Ali and Nukada, Akira and Matsuoka, Satoshi},
  booktitle={International Conference on Computational Science},
  pages={893--903},
  year={2009},
  organization={Springer}
}

@inproceedings{phillips2014cuda,
  title={A CUDA implementation of the High Performance Conjugate Gradient benchmark},
  author={Phillips, Everett and Fatica, Massimiliano},
  booktitle={International Workshop on Performance Modeling, Benchmarking and Simulation of High Performance Computer Systems},
  pages={68--84},
  year={2014},
  organization={Springer}
}


@inproceedings{park2014optimizing,
  title={Optimizing Gauss--Seidel smoother in HPCG},
  author={Park, Jongsoo and Smelyanskiy, Mikhail},
  booktitle={ASCR HPCG Workshop},
  year={2014}
}

@inproceedings{park2014sparsifying,
  title={Sparsifying synchronization for high-performance shared-memory sparse triangular solver},
  author={Park, Jongsoo and Smelyanskiy, Mikhail and Sundaram, Narayanan and Dubey, Pradeep},
  booktitle={International Supercomputing Conference},
  pages={124--140},
  year={2014},
  organization={Springer International Publishing}
}


@inproceedings{liu2013efficient,
  title={Efficient sparse matrix-vector multiplication on x86-based many-core processors},
  author={Liu, Xing and Smelyanskiy, Mikhail and Chow, Edmond and Dubey, Pradeep},
  booktitle={Proceedings of the 27th international ACM conference on International conference on supercomputing},
  pages={273--282},
  year={2013},
  organization={ACM}
}

@inproceedings{williams2012optimization,
  title={Optimization of geometric multigrid for emerging multi-and manycore processors},
  author={Williams, Samuel and Kalamkar, Dhiraj D and Singh, Amik and Deshpande, Anand M and Van Straalen, Brian and Smelyanskiy, Mikhail and Almgren, Ann and Dubey, Pradeep and Shalf, John and Oliker, Leonid},
  booktitle={Proceedings of the International Conference on High Performance Computing, Networking, Storage and Analysis},
  pages={96},
  year={2012},
  organization={IEEE Computer Society Press}
}

%%% GPU accelerated sparse direct solver

@inproceedings{george2011multifrontal,
  title={Multifrontal factorization of sparse SPD matrices on GPUs},
  author={George, Thomas and Saxena, Vaibhav and Gupta, Anshul and Singh, Amik and Choudhury, Anamitra R},
  booktitle={Parallel \& Distributed Processing Symposium (IPDPS), 2011 IEEE International},
  pages={372--383},
  year={2011},
  organization={IEEE}
}

@inproceedings{krawezik2009accelerating,
  title={Accelerating the ANSYS direct sparse solver with GPUs},
  author={Krawezik, G{\'e}raud P and Poole, Gene},
  booktitle={Proc. Symposium on Application Accelerators in High Performance Computing (SAAHPC). NCSA, Urbana-Champaign, IL},
  year={2009}
}


@inproceedings{lucas2010multifrontal,
  title={Multifrontal computations on GPUs and their multi-core hosts},
  author={Lucas, Robert F and Wagenbreth, Gene and Davis, Dan M and Grimes, Roger},
  booktitle={International Conference on High Performance Computing for Computational Science},
  pages={71--82},
  year={2010},
  organization={Springer}
}


@article{schenk2008algorithmic,
  title={Algorithmic performance studies on graphics processing units},
  author={Schenk, Olaf and Christen, Matthias and Burkhart, Helmar},
  journal={Journal of Parallel and Distributed Computing},
  volume={68},
  number={10},
  pages={1360--1369},
  year={2008},
  publisher={Elsevier}
}


@inproceedings{vuduc2010limits,
  title={On the limits of GPU acceleration},
  author={Vuduc, Richard and Chandramowlishwaran, Aparna and Choi, Jee and Guney, Murat and Shringarpure, Aashay},
  booktitle={Proceedings of the 2nd USENIX conference on Hot topics in parallelism},
  pages={13--13},
  year={2010},
  organization={USENIX Association}
}



%%% hardware based fault toelrance

@article{zhang2005robust,
  title={Robust system design with built-in soft-error resilience},
  author={Zhang, Ming and Shi, Quan and Kim, Kee Sup},
  year={2005}
}


@article{nicolaidis2005design,
  title={Design for soft error mitigation},
  author={Nicolaidis, Michael},
  journal={IEEE Transactions on Device and Materials Reliability},
  volume={5},
  number={3},
  pages={405--418},
  year={2005},
  publisher={IEEE}
}

@article{ernst2004razor,
  title={Razor: circuit-level correction of timing errors for low-power operation},
  author={Ernst, Dan and Das, Shidhartha and Lee, Seokwoo and Blaauw, David and Austin, Todd and Mudge, Trevor and Kim, Nam Sung and Flautner, Kriszti{\'a}n},
  journal={IEEE Micro},
  volume={24},
  number={6},
  pages={10--20},
  year={2004},
  publisher={Citeseer}
}




%%%% preconditioners chan1988optimal,benzi1996sparse,cai1999restricted,benzi1998sparse,erlangga2006novel,chow1997approximatebpm,chow1998approximatessi,chow1997experimental,benzi2002preconditioning,

@article{chan1988optimal,
  title={An optimal circulant preconditioner for Toeplitz systems},
  author={Chan, Tony F},
  journal={SIAM journal on scientific and statistical computing},
  volume={9},
  number={4},
  pages={766--771},
  year={1988},
  publisher={SIAM}
}


@article{benzi1996sparse,
  title={A sparse approximate inverse preconditioner for the conjugate gradient method},
  author={Benzi, Michele and Meyer, Carl D and Tuma, Miroslav},
  journal={SIAM Journal on Scientific Computing},
  volume={17},
  number={5},
  pages={1135--1149},
  year={1996},
  publisher={SIAM}
}

@article{cai1999restricted,
  title={A restricted additive Schwarz preconditioner for general sparse linear systems},
  author={Cai, Xiao-Chuan and Sarkis, Marcus},
  journal={Siam journal on scientific computing},
  volume={21},
  number={2},
  pages={792--797},
  year={1999},
  publisher={SIAM}
}


@article{benzi1998sparse,
  title={A sparse approximate inverse preconditioner for nonsymmetric linear systems},
  author={Benzi, Michele and Tuma, Miroslav},
  journal={SIAM Journal on Scientific Computing},
  volume={19},
  number={3},
  pages={968--994},
  year={1998},
  publisher={SIAM}
}


@article{erlangga2006novel,
  title={A novel multigrid based preconditioner for heterogeneous Helmholtz problems},
  author={Erlangga, Yogi A and Oosterlee, Cornelis W and Vuik, Cornelis},
  journal={SIAM Journal on Scientific Computing},
  volume={27},
  number={4},
  pages={1471--1492},
  year={2006},
  publisher={SIAM}
}


@article{chow1997approximatebpm,
  title={Approximate inverse techniques for block-partitioned matrices},
  author={Chow, Edmond and Saad, Yousef},
  journal={SIAM Journal on Scientific Computing},
  volume={18},
  number={6},
  pages={1657--1675},
  year={1997},
  publisher={SIAM}
}


@article{chow1998approximatessi,
  title={Approximate inverse preconditioners via sparse-sparse iterations},
  author={Chow, Edmond and Saad, Yousef},
  journal={SIAM Journal on Scientific Computing},
  volume={19},
  number={3},
  pages={995--1023},
  year={1998},
  publisher={SIAM}
}


@article{chow1997experimental,
  title={Experimental study of ILU preconditioners for indefinite matrices},
  author={Chow, Edmond and Saad, Yousef},
  journal={Journal of Computational and Applied Mathematics},
  volume={86},
  number={2},
  pages={387--414},
  year={1997},
  publisher={Elsevier}
}


@article{benzi2002preconditioning,
  title={Preconditioning techniques for large linear systems: a survey},
  author={Benzi, Michele},
  journal={Journal of computational Physics},
  volume={182},
  number={2},
  pages={418--477},
  year={2002},
  publisher={Elsevier}
}


%%% softwares balay2014petsc,heroux2005overviewtrilinos

@article{balay2014petsc,
  title={PETSc users manual revision 3.5},
  author={Balay, S and Abhyankar, S and Adams, M and Brown, J and Brune, P and Buschelman, K and Eijkhout, V and Gropp, W and Kaushik, D and Knepley, M and others},
  journal={Argonne National Laboratory (ANL)},
  year={2014}
}

@article{heroux2005overviewtrilinos,
  title={An overview of the Trilinos project},
  author={Heroux, Michael A and Bartlett, Roscoe A and Howle, Vicki E and Hoekstra, Robert J and Hu, Jonathan J and Kolda, Tamara G and Lehoucq, Richard B and Long, Kevin R and Pawlowski, Roger P and Phipps, Eric T and others},
  journal={ACM Transactions on Mathematical Software (TOMS)},
  volume={31},
  number={3},
  pages={397--423},
  year={2005},
  publisher={ACM}
}


@book{hoemmen2010communication,
  title={Communication-avoiding Krylov subspace methods},
  author={Hoemmen, Mark},
  year={2010},
  publisher={University of California, Berkeley}
}


@article{demmel2015communication,
  title={Communication avoiding rank revealing QR factorization with column pivoting},
  author={Demmel, James W and Grigori, Laura and Gu, Ming and Xiang, Hua},
  journal={SIAM Journal on Matrix Analysis and Applications},
  volume={36},
  number={1},
  pages={55--89},
  year={2015},
  publisher={SIAM}
}


@inproceedings{demmel2008avoiding,
  title={Avoiding communication in sparse matrix computations},
  author={Demmel, James and Hoemmen, Mark and Mohiyuddin, Marghoob and Yelick, Katherine},
  booktitle={Parallel and Distributed Processing, 2008. IPDPS 2008. IEEE International Symposium on},
  pages={1--12},
  year={2008},
  organization={IEEE}
}


@article{irony2002trading,
  title={Trading replication for communication in parallel distributed-memory dense solvers},
  author={Irony, Dror and Toledo, Sivan},
  journal={Parallel Processing Letters},
  volume={12},
  number={01},
  pages={79--94},
  year={2002},
  publisher={World Scientific}
}


@article{gilbert1987parallel,
  title={A parallel graph partitioning algorithm for a message-passing multiprocessor},
  author={Gilbert, John R and Zmijewski, Earl},
  journal={International Journal of Parallel Programming},
  volume={16},
  number={6},
  pages={427--449},
  year={1987},
  publisher={Springer}
}

@article{lipton1979separator,
  title={A separator theorem for planar graphs},
  author={Lipton, Richard J and Tarjan, Robert Endre},
  journal={SIAM Journal on Applied Mathematics},
  volume={36},
  number={2},
  pages={177--189},
  year={1979},
  publisher={SIAM}
}
@article{gilbert1984separator,
  title={A separator theorem for graphs of bounded genus},
  author={Gilbert, John R and Hutchinson, Joan P and Tarjan, Robert Endre},
  journal={Journal of Algorithms},
  volume={5},
  number={3},
  pages={391--407},
  year={1984},
  publisher={Elsevier}
}

@inproceedings{alon1990separator,
  title={A separator theorem for graphs with an excluded minor and its applications},
  author={Alon, Noga and Seymour, Paul and Thomas, Robin},
  booktitle={Proceedings of the twenty-second annual ACM symposium on Theory of computing},
  pages={293--299},
  year={1990},
  organization={ACM}
}

@article{kim2014HDAG,
  title={A parallel sparse direct solver via hierarchical DAG scheduling},
  author={Kim, Kyungjoo and Eijkhout, Victor},
  journal={ACM Transactions on Mathematical Software (TOMS)},
  volume={41},
  number={1},
  pages={3},
  year={2014},
  publisher={ACM}
}

@inproceedings{lacoste2014task,
  title={Taking advantage of hybrid systems for sparse direct solvers via task-based runtimes},
  author={Lacoste, Xavier and Faverge, Mathieu and Bosilca, George and Ramet, Pierre and Thibault, Samuel},
  booktitle={Parallel \& Distributed Processing Symposium Workshops (IPDPSW), 2014 IEEE International},
  pages={29--38},
  year={2014},
  organization={IEEE}
}

@phdthesis{lacoste2015thesis,
  title={Scheduling and memory optimizations for sparse direct solver on multi-core/multi-gpu duster systems},
  author={Lacoste, Xavier},
  year={2015},
  school={Bordeaux}
}

@inproceedings{hugo2014runtime,
  title={A runtime approach to dynamic resource allocation for sparse direct solvers},
  author={Hugo, Andra-Ecaterina and Guermouche, Abdou and Wacrenier, Pierre-Andre and Namyst, Raymond},
  booktitle={Parallel Processing (ICPP), 2014 43rd International Conference on},
  pages={481--490},
  year={2014},
  organization={IEEE}
}

@phdthesis{agullo2017knl,
  title={Achieving high-performance with a sparse direct solver on Intel KNL},
  author={Agullo, Emmanuel and Buttari, Alfredo and Byckling, Mikko and Guermouche, Abdou and Masliah, Ian},
  year={2017},
  school={Inria Bordeaux Sud-Ouest; CNRS-IRIT; Intel corporation; Universit{\'e} Bordeaux}
}


@article{poulson2013clique,
  title={A parallel sweeping preconditioner for heterogeneous 3D Helmholtz equations},
  author={Poulson, Jack and Engquist, Bjorn and Li, Siwei and Ying, Lexing},
  journal={SIAM Journal on Scientific Computing},
  volume={35},
  number={3},
  pages={C194--C212},
  year={2013},
  publisher={SIAM}
}


@article{agullo2016seqtaskflow,
  title={Implementing multifrontal sparse solvers for multicore architectures with Sequential Task Flow runtime systems},
  author={Agullo, Emmanuel and Buttari, Alfredo and Guermouche, Abdou and Lopez, Florent},
  journal={ACM Transactions on Mathematical Software (TOMS)},
  volume={43},
  number={2},
  pages={13},
  year={2016},
  publisher={ACM}
}

@inproceedings{baboulin2014randombutterfly,
  title={Using random butterfly transformations to avoid pivoting in sparse direct methods},
  author={Baboulin, Marc and Li, Xiaoye S and Rouet, Fran{\c{c}}ois-Henry},
  booktitle={International Conference on High Performance Computing for Computational Science},
  pages={135--144},
  year={2014},
  organization={Springer}
}

@inproceedings{agullo2016thybdist,
  title={Task-based sparse hybrid linear solver for distributed memory heterogeneous architectures},
  author={Agullo, Emmanuel and Giraud, Luc and Nakov, Stojce},
  booktitle={European Conference on Parallel Processing},
  pages={83--95},
  year={2016},
  organization={Springer}
}

@article{jacquelin2016asynctask,
  title={An asynchronous task-based fan-both sparse Cholesky solver},
  author={Jacquelin, Mathias and Zheng, Yili and Ng, Esmond and Yelick, Katherine},
  journal={arXiv preprint arXiv:1608.00044},
  year={2016}
}

@article{goik2014graph,
  title={Graph grammar based multi-thread multi-frontal direct solver with galois scheduler},
  author={Goik, Damian and Jopek, Konrad and Paszy{\'n}ski, Maciej and Lenharth, Andrew and Nguyen, Donald and Pingali, Keshav},
  journal={Procedia Computer Science},
  volume={29},
  pages={960--969},
  year={2014},
  publisher={Elsevier}
}


@article{bach2011HPLGPU,
  title={Optimized HPL for AMD GPU and multi-core CPU usage.},
  author={Bach, Matthias and Kretz, Matthias and Lindenstruth, Volker and Rohr, David},
  journal={Computer Science-R\&D},
  volume={26},
  number={3-4},
  pages={153--164},
  year={2011}
}

@inproceedings{buttari2006impact,
  title={The impact of multicore on math software},
  author={Buttari, Alfredo and Dongarra, Jack and Kurzak, Jakub and Langou, Julien and Luszczek, Piotr and Tomov, Stanimire},
  booktitle={International Workshop on Applied Parallel Computing},
  pages={1--10},
  year={2006},
  organization={Springer}
}

@article{strazdins1998comparison,
  title={A comparison of lookahead and algorithmic blocking techniques for parallel matrix factorization},
  author={Strazdins, Peter and others},
  year={1998},
  publisher={The Australian National University}
}

@article{grigori2011calu,
  title={CALU: a communication optimal LU factorization algorithm},
  author={Grigori, Laura and Demmel, James W and Xiang, Hua},
  journal={SIAM Journal on Matrix Analysis and Applications},
  volume={32},
  number={4},
  pages={1317--1350},
  year={2011},
  publisher={SIAM}
}

@article{khabou2013communication,
  title={Communication avoiding LU factorization with panel rank revealing pivoting},
  author={Khabou, Amal and Demmel, JW and Grigori, L and Gu, M},
  journal={SIAM Journal on Matrix Analysis and Applications},
  volume={34},
  number={3},
  pages={1401--1429},
  year={2013}
}