@ARTICLE {Bader-dimacs-graph2014,
    author  = "David A. Bader, Andrea Kappes, Henning Meyerhenke, Peter Sanders, Christian Schulz and Dorothea Wagner",
    title   = "Benchmarking for Graph Clustering and Partitioning",
    journal = "Encyclopedia of Social Network Analysis and Mining",
    pages   = "73-82"
}

@article{brent1980cycle,
  title={An improved Monte Carlo factorization algorithm},
  author={Brent, Richard P},
  journal={BIT Numerical Mathematics},
  volume={20},
  number={2},
  pages={176--184},
  year={1980},
  publisher={Springer}
}

@article{strogatz2001exploring,
  title={Exploring complex networks},
  author={Strogatz, Steven H},
  journal={Nature},
  volume={410},
  number={6825},
  pages={268--276},
  year={2001},
  publisher={Nature Publishing Group}
}

@article{leskovec2009community,
  title={Community structure in large networks: Natural cluster sizes and the absence of large 
well-defined clusters},
  author={Leskovec, Jure and Lang, Kevin J and Dasgupta, Anirban and Mahoney, Michael W},
  journal={Internet Mathematics},
  volume={6},
  number={1},
  pages={29--123},
  year={2009},
  publisher={Taylor \& Francis}
}

@article{ShiloachVishkin,
title = {An {O(logn)} parallel connectivity algorithm},
journal = {Journal of Algorithms},
volume = {3},
number = {1},
pages = {57 - 67},
year = {1982},
note = {},
author = {Yossi Shiloach and Uzi Vishkin}
}


@inproceedings{ligra,
 author = {Shun, Julian and Blelloch, Guy E.},
 title = {Ligra: a lightweight graph processing framework for shared memory},
 booktitle = {18th ACM SIGPLAN symposium on Principles and practice of parallel programming},
 series = {PPoPP '13},
 year = {2013},
 pages = {135--146},

}

@inproceedings{gunrock,
  title={Gunrock: A high-performance graph processing library on the GPU},
  author={Wang, Yangzihao and Davidson, Andrew and Pan, Yuechao and Wu, Yuduo and Riffel, Andy and 
Owens, John D},
  booktitle={ACM SIGPLAN Notices},
  volume={50},
  number={8},
  pages={265--266},
  year={2015},
  organization={ACM}
}

@inproceedings{flick2015parallel,
  title={A parallel connectivity algorithm for de Bruijn graphs in metagenomic applications},
  author={Flick, Patrick and Jain, Chirag and Pan, Tony and Aluru, Srinivas},
  booktitle={Proceedings of the International Conference for High Performance Computing, Networking, 
Storage and Analysis},
  pages={15},
  year={2015},
  organization={ACM}
}

@inproceedings{greenbranchavoiding,
 author = {Green, Oded and Dukhan, Marat and Vuduc, Richard},
 title = {{Branch-Avoiding Graph Algorithms}},
 booktitle = {Proceedings of the 27th ACM on Symposium on Parallelism in Algorithms and 
Architectures},
 series = {SPAA '15},
 year = {2015},
 pages = {212--223},
} 
